@book{Boeg2011,
author = {Boeg, Jasper},
pages = {81},
publisher = {Trifork},
title = {{Priming Kanban}},
year = {2011}
}
@inproceedings{Humble2006,
author = {Humble, Jez and Read, Chris and North, Dan},
booktitle = {Proceedings of the conference on AGILE 2006},
pages = {113--118},
publisher = {IEEE Computer Society},
title = {{The Deployment Production Line}},
year = {2006}
}
@inproceedings{Agarwal2011,
author = {Agarwal, Puneet},
booktitle = {Proceedings of the 4th India Software Engineering Conference},
pages = {51--60},
title = {{Continuous SCRUM : Agile Management of SAAS Products}},
year = {2011}
}
@article{Mccaffery2010,
author = {Mccaffery, Fergal and Thiel, Steffen and Richardson, Ita and O'Leary, P\'{a}draig},
journal = {Journal of Software Maintenance and Evolution: Research and Practice},
title = {{An Agile process model for product derivation in software product line engineering}},
year = {2010}
}
@book{humble2010continuous,
author = {Humble, J and Farley, D},
publisher = {Ad\-di\-son-Wes\-ley},
series = {Addison Wesley Signature Series},
title = {{Continuous Delivery: Reliable Software Releases Through Build, Test, and Deployment Automation}},
year = {2010}
}
@article{Chow2008,
author = {Chow, T and Cao, D},
journal = {Journal of Systems and Software},
month = {6},
number = {6},
pages = {961--971},
title = {{A survey study of critical success factors in agile software projects}},
volume = {81},
year = {2008}
}
@article{Li2010,
author = {Li, Jingyue and Moe, Nils B and Dyb\aa, Tore},
journal = {Science And Technology},
title = {{Transition from a Plan-Driven Process to Scrum -- A Longitudinal Case Study on Software Quality}},
year = {2010}
}
@article{Wan2010,
author = {Wan, Jiangping},
journal = {Journal of Software Engineering and Applications},
number = {12},
pages = {1131--1140},
title = {{Empirical Research on Critical Success Factors of Agile Software Process Improvement}},
volume = {03},
year = {2010}
}
@article{Misra2009,
author = {Misra, Subhas Chandra and Kumar, Vinod and Kumar, Uma},
journal = {Journal of Systems and Software},
month = {11},
number = {11},
pages = {1869--1890},
publisher = {Elsevier Inc.},
title = {{Identifying some important success factors in adopting agile software development practices}},
volume = {82},
year = {2009}
}
@incollection{Taipale2010,
author = {Taipale, Marko},
booktitle = {Lean Enterprise Software and Systems},
pages = {111--114},
publisher = {Springer Berlin Heidelberg},
title = {{Huitale - A Story of a Finnish Lean Startup}},
year = {2010}
}
@article{Humble2011,
author = {Humble, Jez and MoleskyJoanne},
journal = {Cutter IT Journal},
number = {8},
pages = {6--12},
title = {{Why Enterprises Must Adopt Devops to Enable Continuous Delivery}},
volume = {24},
year = {2011}
}
@online{Humble2010,
author = {Humble, Jez},
title = {{Continuous Delivery vs Continuous Deployment}},
url = {http://continuousdelivery.com/2010/08/continuous-delivery-vs-continuous-deployment/},
date = {2010-08-13},
urldate = {2011-12-18}
}
@online{Fitz2009-02-08,
author = {Fitz, Timothy},
title = {{Continuous Deployment}},
url = {http://timothyfitz.wordpress.com/2009/02/08/continuous-deployment/},
year = {2009-02-08},
urldate = {2011-12-18}
}
@online{Fitz2009-02-10,
author = {Fitz, Timothy},
title = {{Continuous Deployment at IMVU: Doing the impossible fifty times a day}},
url = {http://timothyfitz.wordpress.com/2009/02/10/continuous-deployment-at-imvu-doing-the-impossible-fifty-times-a-day/},
date = {2009-02-10},
urldate = {2011-12-18}
}
@online{Gaertner2010-11-04,
author = {GÃ¤rtner, Markus},
title = {{Software G Forces - The Effects of Acceleration}},
url = {http://www.shino.de/2010/11/04/software-g-forces-the-effects-of-acceleration/},
date = {2010-11-04},
urldate = {2011-12-18}
}